<?xml version="1.0" encoding="UTF-8"?><collection xmlns="http://www.loc.gov/MARC21/slim"><record><leader>00588nam--2200145-i-4500</leader><controlfield tag="001">000014519</controlfield><controlfield tag="002">20161230</controlfield><controlfield tag="005">20170209164606</controlfield><controlfield tag="008">060222s1000------------r-----000-0-eng-d</controlfield><datafield ind1=" " ind2=" " tag="245"><subfield code="a">Systemes solaires thermodynamiques solar power systems. Proceedings of the international symposium held at Marseille, June 15-20th, 1980</subfield></datafield><datafield ind1=" " ind2=" " tag="260"><subfield code="a">Paris</subfield><subfield code="b">Edition Du Centre National De La Recherche Scientifique</subfield><subfield code="c">1980</subfield></datafield><datafield ind1=" " ind2=" " tag="300"><subfield code="a">738 p</subfield></datafield><datafield ind1=" " ind2=" " tag="490"><subfield code="a">Colloques Internationaux Du Centre National De La Recherche Scientifique</subfield></datafield><datafield ind1=" " ind2=" " tag="852"><subfield code="a">621.31:620.92:523.72:621.472(061.3)</subfield></datafield><datafield ind1=" " ind2=" " tag="CAT"><subfield code="a">SYS</subfield><subfield code="c">20170209</subfield><subfield code="h">164606</subfield></datafield></record></collection>